<record><leader>00000cas a22000007a 4500</leader><controlfield tag="001">14517108</controlfield><controlfield tag="008">861024d188418uumsuwr ne      0   a0eng d</controlfield><datafield ind1=" " ind2=" " tag="010"><subfield code="a">sn 86074039 </subfield></datafield><datafield ind1=" " ind2=" " tag="040"><subfield code="a">MJA</subfield><subfield code="b">eng</subfield><subfield code="c">MJA</subfield><subfield code="d">MSJ</subfield><subfield code="d">OCL</subfield><subfield code="d">MSJ</subfield><subfield code="d">NVF</subfield><subfield code="d">OCLCQ</subfield><subfield code="d">CUS</subfield><subfield code="d">HUL</subfield><subfield code="d">OCLCF</subfield><subfield code="d">DLC</subfield></datafield><datafield ind1="0" ind2=" " tag="022"><subfield code="a">2575-3495</subfield><subfield code="2">1</subfield></datafield><datafield ind1=" " ind2=" " tag="042"><subfield code="a">msc</subfield><subfield code="a">nsdp</subfield></datafield><datafield ind1=" " ind2=" " tag="043"><subfield code="a">n-us-ms</subfield></datafield><datafield ind1="1" ind2="0" tag="050"><subfield code="a">ISSN RECORD</subfield></datafield><datafield ind1="1" ind2="4" tag="050"><subfield code="a">AN</subfield></datafield><datafield ind1=" " ind2="4" tag="222"><subfield code="a">The Biloxi herald</subfield></datafield><datafield ind1="0" ind2="4" tag="245"><subfield code="a">The Biloxi herald.</subfield></datafield><datafield ind1=" " ind2=" " tag="260"><subfield code="a">Biloxi, Miss. :</subfield><subfield code="b">George W. Wilkes</subfield></datafield><datafield ind1=" " ind2=" " tag="300"><subfield code="a">v.</subfield></datafield><datafield ind1=" " ind2=" " tag="310"><subfield code="a">Weekly</subfield></datafield><datafield ind1="1" ind2=" " tag="362"><subfield code="a">Began with Oct. 4, 1884 issue.</subfield></datafield><datafield ind1=" " ind2=" " tag="580"><subfield code="a">Daily ed.: Biloxi daily herald.</subfield></datafield><datafield ind1=" " ind2=" " tag="588"><subfield code="a">Description based on: Vol. 2, no. 30 (Apr. 24, 1886).</subfield></datafield><datafield ind1=" " ind2="0" tag="651"><subfield code="a">Biloxi (Miss.)</subfield><subfield code="v">Newspapers.</subfield></datafield><datafield ind1=" " ind2="7" tag="651"><subfield code="a">Mississippi</subfield><subfield code="z">Biloxi.</subfield><subfield code="2">fast</subfield><subfield code="0">(OCoLC)fst01208396</subfield></datafield><datafield ind1=" " ind2="7" tag="655"><subfield code="a">Newspapers.</subfield><subfield code="2">fast</subfield><subfield code="0">(OCoLC)fst01423814</subfield></datafield><datafield ind1=" " ind2=" " tag="752"><subfield code="a">United States</subfield><subfield code="b">Mississippi</subfield><subfield code="c">Harrison</subfield><subfield code="d">Biloxi.</subfield></datafield><datafield ind1="1" ind2=" " tag="775"><subfield code="t">Biloxi daily herald</subfield><subfield code="w">(DLC)sn 86074038</subfield><subfield code="w">(OCoLC)14517240</subfield></datafield><datafield ind1="4" ind2="1" tag="856"><subfield code="3">1891-10-10 to 1898-11-26</subfield><subfield code="u">http://infoweb.newsbank.com/?db=EANX&amp;s_browseRef=decades/115721B5C6DB7670/all.xml</subfield></datafield></record>